@Article{Hunter:2007,
  Author    = {Hunter, J. D.},
  Title     = {Matplotlib: {A} {2D} graphics environment},
  Journal   = {Computing in Science \& Engineering},
  Volume    = {9},
  Number    = {3},
  Pages     = {90--95},
  abstract  = {Matplotlib is a 2D graphics package used for Python for
  application development, interactive scripting, and publication-quality
  image generation across user interfaces and operating systems.},
  publisher = {IEEE COMPUTER SOC},
  doi       = {10.1109/MCSE.2007.55},
  year      = 2007
}

@article{Silver:2017,
  title={Mastering chess and shogi by self-play with a general reinforcement learning algorithm},
  author={Silver, David and Hubert, Thomas and Schrittwieser, Julian and Antonoglou, Ioannis and Lai, Matthew and Guez, Arthur and Lanctot, Marc and Sifre, Laurent and Kumaran, Dharshan and Graepel, Thore and others},
  journal={arXiv preprint arXiv:1712.01815},
  year={2017}
}

@article{Silver:2016,
  title={Mastering the game of Go with deep neural networks and tree search},
  author={Silver, David and Huang, Aja and Maddison, Chris J and Guez, Arthur and Sifre, Laurent and Van Den Driessche, George and Schrittwieser, Julian and Antonoglou, Ioannis and Panneershelvam, Veda and Lanctot, Marc and others},
  journal={nature},
  volume={529},
  number={7587},
  pages={484--489},
  year={2016},
  publisher={Nature Publishing Group}
}

@article{Enquist:2016,
  title={The power of associative learning and the ontogeny of optimal behaviour},
  author={Enquist, Magnus and Lind, Johan and Ghirlanda, Stefano},
  journal={Royal Society Open Science},
  volume={3},
  number={11},
  pages={160734},
  year={2016},
  publisher={The Royal Society}
}

@book{Mcgreevy:2011,
  title={Carrots and sticks: {P}rinciples of animal training},
  author={McGreevy, Paul and Boakes, Robert},
  year={2011},
  publisher={Darlington Press}
}

@article{Bernstein:1999,
  title={Taste aversion learning: {A} contemporary perspective},
  author={Bernstein, Ilene L.},
  journal={Nutrition},
  volume={15},
  number={3},
  pages={229--234},
  year={1999},
  publisher={Elsevier}
}

@book{Haselgrove:2013,
  title={Clinical applications of learning theory},
  author={Haselgrove, Mark and Hogarth, Lee},
  year={2013},
  publisher={Psychology Press}
}

@book{Schachtman:2011,
  title={Associative learning and conditioning theory: {H}uman and non-human applications},
  author={Schachtman, Todd R. and Reilly, Steve S.},
  year={2011},
  publisher={OUP USA}
}

@article{Grondman:2012,
  title={A survey of actor-critic reinforcement learning: {S}tandard and natural policy gradients},
  author={Grondman, Ivo and Busoniu, Lucian and Lopes, Gabriel AD and Babuska, Robert},
  journal={IEEE Transactions on Systems, Man, and Cybernetics, Part C (Applications and Reviews)},
  volume={42},
  number={6},
  pages={1291--1307},
  year={2012},
  publisher={IEEE}
}

@article{Lind:2019,
  title={Social learning through associative processes: {A} computational theory},
  author={Lind, Johan and Ghirlanda, Stefano and Enquist, Magnus},
  journal={Royal Society Open Science},
  volume={6},
  number={3},
  pages={181777},
  year={2019},
  publisher={The Royal Society}
}

@article{Lind:2018,
  title={What can associative learning do for planning?},
  author={Lind, Johan},
  journal={Royal Society Open Science},
  volume={5},
  number={11},
  pages={180778},
  year={2018},
  publisher={The Royal Society}
}

@book{Pearce:2013,
  title={Animal learning and cognition: {A}n introduction},
  author={Pearce, John M},
  year={2013},
  publisher={Psychology Press},
  address={Hove, Sussex}
}

@book{Bouton:2016,
  title={Learning and behavior: a modern synthesis},
  author={Bouton, ME},
  year={2016},
  publisher={Sinauer},
  edition={2nd},
  address={Sunderland, MA}
}


@article{Ghirlanda:2017,
  title={Memory for stimulus sequences: {A} divide between humans and other animals?},
  author={Ghirlanda, Stefano and Lind, Johan and Enquist, Magnus},
  journal={Royal Society Open Science},
  volume={4},
  number={6},
  pages={161011},
  year={2017},
  publisher={The Royal Society Publishing}
}

@article{Schultheis:2008_1,
  title={{HMS}: {A} {MATLAB} simulator of the {H}arris model of associative learning},
  author={Schultheis, Holger and Thorwart, Anna and Lachnit, Harald},
  journal={Behavior Research Methods},
  volume={40},
  number={2},
  pages={442--449},
  year={2008},
  publisher={Springer}
}

@article{Harris:2010,
  title={An attention-modulated associative network},
  author={Harris, Justin A and Livesey, Evan J},
  journal={Learning \& Behavior},
  volume={38},
  number={1},
  pages={1--26},
  year={2010},
  publisher={Springer}
}

@article{Alonso:2012,
  title={A {J}ava simulator of {R}escorla and {W}agner's prediction error model and configural cue extensions},
  author={Alonso, Eduardo and Mondrag{\'o}n, Esther and Fern{\'a}ndez, Alberto},
  journal={Computer Methods and Programs in Biomedicine},
  volume={108},
  number={1},
  pages={346--355},
  year={2012},
  publisher={Elsevier}
}

@misc{learnSim,
  author = {David N George},
  title = {learnSim},
  year = {2019},
  publisher = {GitHub},
  journal = {GitHub repository},
  url = {https://github.com/DavidNGeorge/learnSim}
}

@article{Thorwart:2009,
  title={{ALTSim}: {A} {MATLAB} simulator for current associative learning theories},
  author={Thorwart, Anna and Schultheis, Holger and K{\"o}nig, Stephan and Lachnit, Harald},
  journal={Behavior Research Methods},
  volume={41},
  number={1},
  pages={29--34},
  year={2009},
  publisher={Springer}
}

@article{Schultheis:2008_2,
  title={{Rapid-REM}: {A} {MATLAB} simulator of the replaced-elements model},
  author={Schultheis, Holger and Thorwart, Anna and Lachnit, Harald},
  journal={Behavior Research Methods},
  volume={40},
  number={2},
  pages={435--441},
  year={2008},
  publisher={Springer}
}

% SR 1
@article{Bush:1951,
  title={A mathematical model for simple learning},
  author={Bush, Robert R and Mosteller, Frederick},
  journal={Psychological Review},
  volume={58},
  number={5},
  pages={313},
  year={1951},
  publisher={American Psychological Association}
}

% SR 2
@incollection{Rescorla:1972,
	author = {Rescorla, R. A. and Wagner, A. R.},
	title = {{A} theory of {P}avlovian conditioning: {V}ariations in the effectiveness
	of reinforcement and nonreinforcement},
	booktitle = {Classical conditioning: {C}urrent research and theory},
	editor={Black, A. H. and Prokasy, W. F.},
	pages={64-99},
	publisher = {Appleton-Century-Crofts},
	year = {1972},
	type = {incollection},
	keywords = {conditioning, theory},
	owner = {stefano},
	timestamp = {2016.08.02}
}



% Q-learning1
@phdthesis{Watkins:1989,
  title={Learning from delayed rewards},
  author={Watkins, Christopher John Cornish Hellaby},
  year={1989},
  institution={King's College, Cambridge}
}

% Q-learning2
@article{Watkins:1992,
  title={Q-learning},
  author={Watkins, Christopher John Cornish Hellaby H and Dayan, Peter},
  journal={Machine learning},
  volume={8},
  number={3-4},
  pages={279--292},
  year={1992},
  publisher={Springer}
}

% Expected SARSA
@inproceedings{vanSeijen:2009,
  title={A theoretical and empirical analysis of {E}xpected {S}arsa},
  author={Van Seijen, Harm and Van Hasselt, Hado and Whiteson, Shimon and Wiering, Marco},
  booktitle={2009 IEEE Symposium on Adaptive Dynamic Programming and Reinforcement Learning},
  pages={177--184},
  year={2009},
  organization={IEEE}
}

% Actor-critic
@article{Witten:1977,
  title={An adaptive optimal controller for discrete-time {M}arkov environments},
  author={Witten, Ian H},
  journal={Information and Control},
  volume={34},
  number={4},
  pages={286--295},
  year={1977}
}

% A-learning
@article{Ghirlanda:2020,
  title={A-learning: {A} new formulation of associative learning theory},
  author={Ghirlanda, Stefano and Lind, Johan and Enquist, Magnus},
  journal={Psychonomic Bulletin \& Review},
  pages={1--29},
  year={2020},
  publisher={Springer}
}

@misc{QLSim,
  title = {{Q-Learning Simulator}},
  howpublished = {\url{https://www.mladdict.com/q-learning-simulator}},
  note = {Accessed: 2020-11-11}
}

@misc{fidgit,
  author = {A. Smith},
  title = {Fidgit: {A}n ungodly union of {G}itHub and {F}igshare},
  year = {2020},
  publisher = {GitHub},
  journal = {GitHub repository},
  url = {https://github.com/arfon/fidgit}
}

@book{Sutton:2018,
  title={Reinforcement learning: An introduction},
  author={Sutton, Richard S and Barto, Andrew G},
  year={2018},
  publisher={MIT press}
}

@article{Dayan:2008,
  title={Reinforcement learning: {T}he good, the bad and the ugly},
  author={Dayan, Peter and Niv, Yael},
  journal={Current Opinion in Neurobiology},
  volume={18},
  number={2},
  pages={185--196},
  year={2008},
  publisher={Elsevier}
}

@article{Niv:2009,
  title={Reinforcement learning in the brain},
  author={Niv, Yael},
  journal={Journal of Mathematical Psychology},
  volume={53},
  number={3},
  pages={139--154},
  year={2009},
  publisher={Elsevier}
}
